@misc{ve:salario_ingeniero_informatico,
	author = {{Universidad Europea}},
	month = {08},
	title = {{Cu치nto gana un ingeniero inform치tico}},
	url = {https://universidadeuropea.com/blog/cuanto-gana-un-ingeniero-informatico},
	year = {2021},
}

@misc{ve:agencia-tributaria-2021,
	author = {{Agencia Tributaria}},
	month = {12},
	title = {{Agencia Tributaria: Coeficientes de amortizaci칩n lineal}},
	url = {https://sede.agenciatributaria.gob.es/Sede/ayuda/manuales-videos-folletos/manuales-practicos/irpf-2020/capitulo-7-rendimientos-actividades-economicas-directa/fase-1-determinacion-rendimiento-neto/amortizaciones-dotaciones-ejercicio-fiscalmente-deducibles/requisitos-generales/coeficientes-amortizacion-lineal.html},
	year = {2021},
}

@misc{vl:gplv3,
  title = {GNU General Public License},
  version = {3},
  organization = {Free Software Foundation},
  url = {http://www.gnu.org/licenses/gpl.html},
  pagination = {section},
  language = {english},
  date = {2007-06-29}
  }

@misc{vl:project-license-2021,
	author = {Fern치ndez, MrpYA45},
	month = {03},
	title = {{GitHub: MrpYA45/github-text-mining-tfg - LICENSE}},
	url = {https://github.com/MrpYA45/github-text-mining-tfg/blob/main/LICENSE},
	year = {2021},
}

@misc{vl:python-software-foundation-2001,
    title = {{PSF License Agreement}},
    organization = {Python Software Foundation},
    url = {https://docs.python.org/3/license.html},
    pagination = {section},
    language = {english},
    year = {2001},
}

@misc{vl:mit-license-1988,
    title = {{PSF License Agreement}},
    organization = {Massachusetts Institute of Technology},
    url = {https://opensource.org/licenses/mit-license.php},
    pagination = {section},
    language = {english},
    year = {1988},
}

@misc{vl:bsd-3-clause-1988,
    title = {{Berkeley Software Distribution}},
    organization = {Regents of the University of California},
    url = {https://opensource.org/licenses/BSD-3-Clause},
    pagination = {section},
    language = {english},
    year = {1988},
}

@misc{vl:apache-2.0-2004,
    title = {{Apache License 2.0}},
    version = {2},
    organization = {The Apache Software Fundation},
    url = {https://www.apache.org/licenses/LICENSE-2.0},
    pagination = {section},
    language = {english},
    date = {2004-01},
}

@misc{vl:lgplv3,
  title = {GNU Lesser General Public License},
  version = {3},
  organization = {Free Software Foundation},
  url = {https://www.gnu.org/licenses/lgpl-3.0.html},
  pagination = {section},
  language = {english},
  date = {2007-06-29}
  }
  
@misc{vl:apache-cla,
    title = {{Apache Software Fundation Contributor Agreements}},
    organization = {The Apache Software Fundation},
    url = {https://www.apache.org/licenses/contributor-agreements.html},
    pagination = {section},
    language = {english}
}

@misc{vl:isc-license-1995,
    title = {{Internet Systems Consortium License}},
    organization = {Internet Systems Consortium},
    url = {https://www.isc.org/licenses/},
    pagination = {section},
    language = {english},
    year = {1995},
}