@misc{platform:hugging_face,
	author = {{Hugging Face}},
	month = {08},
	title = {{Hugging Face – The AI community building the future.}},
	url = "\url{https://huggingface.co/}",
	year = {2021},
    note = "[Online; Último acceso: 11/09/2021]"
}

@misc{platform:github,
	author = {{GitHub}},
	title = {{GitHub: Where the world builds software}},
	url = "\url{https://github.com/}",
	year = {2021},
    note = "[Online: Último acceso: 11/09/2021]"
}
@misc{platform:github_api,
    author = {{GitHub}},
	title = {{GitHub REST API}},
	url = "\url{https://docs.github.com/en/rest}",
	year = {2021},
    note = "[Online; Último acceso: 11/09/2021]"
}

@online{ct:project_management,
	author = {{PMI}},
	language = {spanish},
	title = {What is Project Management?},
	url = "\url{https://www.pmi.org/about/learn-about-pmi/what-is-project-management}",
	year = {2021},
    note = "[Online; Último acceso: 11/09/2021]"
}

@techreport{ct:portman_project_success,
	author = {given-i=Henny, family=Portman},
	date = {2021-01},
	language = {english},
	title = {Project Success: Quick Reference Card},
	url = "\url{https://hennyportman.files.wordpress.com/2021/01/project-success-qrc-standish-group-chaos-report-2020.pdf}",
	institution = {Standish Group},
	year = {2021},
}

@techreport{ct:universal_knowledge_management,
	author = {Riss, Uwe V. and Rickayzen, A. and Maus, H. and van der Aalst, Wil M. P.},
	year = {2005},
	month = {11},
	number = {2},
	title = {{Journal of Universal Knowledge Management}},
	institution = {Department of Technology Management, Eindhoven University of Technology, Eindhoven, The Netherlands},
	url = "\url{http://jucs.org/jukm_0_2/riss/jukm_0_2_77_100_riss.pdf}",
}

@report{ct:task_management,
	author = {given-i={Alan Rickayzen}, family={Uwe V. Riss} and given-i=Heiko, family=Maus and given-i={Wil M. P.}, family={Van der Aalst }},
	date = {2005-11},
	language = {spanish},
	publisher = {UKM},
	title = {Challenges for Business Process and Task Management},
	url = "\url{http://jucs.org/jukm_0_2/riss/jukm_0_2_77_100_riss.pdf}",
	year = {2021},
}

@misc{ct:github_repository,
	author = {{GitHub}},
	title = {{GitHub glossary - Repository}},
	url = "\url{https://docs.github.com/en/get-started/quickstart/github-glossary#repository}",
	year = {2021},
	note = "[Online; Último acceso: 11/09/2021]"
}

@misc{ct:github_issue,
	author = {{GitHub}},
	title = {{GitHub glossary - Issue}},
	url = "\url{https://docs.github.com/en/get-started/quickstart/github-glossary#issue}",
	year = {2021},
	note = "[Online; Último acceso: 11/09/2021]"
}

@misc{ct:github_label,
	author = {{GitHub}},
	title = {{GitHub glossary - Label}},
	url = "\url{https://docs.github.com/en/get-started/quickstart/github-glossary#label}",
	year = {2021},
	note = "[Online; Último acceso: 11/09/2021]"
}

@misc{ct:github_managing_labels,
	author = {{GitHub}},
	title = {{Managing labels}},
	url = "\url{https://docs.github.com/es/issues/using-labels-and-milestones-to-track-work/managing-labels}",
	year = {2021},
	note = "[Online; Último acceso: 11/09/2021]"
}

@book{ct:machine_learning,
	author = {given-i={Ian }, family={H. Witten} and given-i=Eibe, family=Frank and given-i={ Mark}, family={A. Hall} and given-i={ Christopher}, family={ Pal}},
	year = {2016},
	date = {2016},
	edition = {fourth edition},
	language = {english},
	publisher = {Morgan Kaufmann},
	title = {Data Mining: Practical Machine Learning Tools and Techniques},
	url = "\url{https://www.cs.waikato.ac.nz/ml/weka/book.html}",
}

@article{ct:pln_universidad_san_marcos,
	author = {given-i={Mg. Augusto}, family={Cortez Vásquez} and given-i=Hugo, family={ Vega Huerta} and given-i={ Jaime}, family={ Pariona Quispe} and {acultad de Ingeniería de Sistemas e Informática de la Universidad Nacional Mayor de San Marcos} and {Facultad de Ingeniería de la Universidad Ricardo Palma}},
	year = {2009},
	date = {2009},
	journal = {Revista de ingeniería de sistemas e informática},
	language = {spanish},
	number = {n.º 2},
	pages = {45--54},
	title = {Procesamiento de lenguaje natural},
	url = "\url{https://revistasinvestigacion.unmsm.edu.pe/index.php/sistem/article/view/5923/5121}",
	volume = {6},
}

@misc{ct:representation_learning,
      title={Representation Learning: A Review and New Perspectives}, 
      author={Yoshua Bengio and Aaron Courville and Pascal Vincent},
      year={2014},
      eprint={1206.5538},
      archivePrefix={arXiv},
      primaryClass={cs.LG}
}

@article{ct:deep_learning,
   title={Deep learning in neural networks: An overview},
   volume={61},
   ISSN={0893-6080},
   url={http://dx.doi.org/10.1016/j.neunet.2014.09.003},
   DOI={10.1016/j.neunet.2014.09.003},
   journal={Neural Networks},
   publisher={Elsevier BV},
   author={Schmidhuber, Jürgen},
   year={2015},
   month={1},
   pages={85–117}
}

@online{wiki:supervised_learning,
	author = {{Wikipedia}},
	date = {2021-07-12},
	language = {english},
	title = {Supervised learning},
	url = "\url{https://en.wikipedia.org/wiki/Supervised_learning}",
	year = {2021},
	note = "[Online; Último acceso: 11/09/2021]"
}

@online{wiki:semi_supervised_learning,
	author = {{Wikipedia}},
	date = {2021-08-05},
	language = {english},
	title = {Semi-supervised learning},
	url = "\url{https://en.wikipedia.org/wiki/Semi-supervised_learning}",
	year = {2021},
	note = "[Online; Último acceso: 11/09/2021]"
}

@online{wiki:unsupervised_learning,
	author = {{Wikipedia}},
	date = {2021-09-10},
	language = {english},
	title = {Unsupervised learning},
	url = "\url{https://en.wikipedia.org/wiki/Unsupervised_learning}",
	year = {2021},
	note = "[Online; Último acceso: 11/09/2021]"
}

@article{ct:pretrained_models,
    author = {Xipeng Qiu and Tianxiang Sun and Yige Xu and Yunfan Shao and Ning Dai and Xuanjing Huang},
    title = {Pre-trained Models for Natural Language Processing: A Survey},
    year = {2020},
    eprint = {arXiv:2003.08271},
    howpublished = {SCIENCE CHINA Technological Sciences,2020, 63, 1872-1897},
    journal = {Science China Technological Sciences},
    doi = {10.1007/s11431-020-1647-3},
}

@online{huggingface:bart_large_mnli,
    author = {{Hugging Face}},
	language = {spanish},
	title = {facebook/bart-large-mnli · Hugging Face},
	url = "\url{https://huggingface.co/facebook/bart-large-mnli}",
	year = {2021},
	note = "[Online; Último acceso: 11/09/2021]"
}

@online{huggingface:bert_base_multilingual_uncased_sentiment,
    author = {{Hugging Face}},
	language = {spanish},
	title = {nlptown/bert-base-multilingual-uncased-sentiment · Hugging Face},
	url = "\url{https://huggingface.co/nlptown/bert-base-multilingual-uncased-sentiment}",
	year = {2021},
	note = "[Online; Último acceso: 11/09/2021]"
}

@online{huggingface:distilbart_cnn_12_6,
    author = {{Hugging Face}},
	language = {spanish},
	title = {sshleifer/distilbart-cnn-12-6 · Hugging Face},
	url = "\url{https://huggingface.co/sshleifer/distilbart-cnn-12-6}",
	year = {2021},
	note = "[Online; Último acceso: 11/09/2021]"
}

@misc{ct:dailymail,
	author = {Abisee},
	title = {{GitHub - abisee/cnn-dailymail: Code to obtain the CNN / Daily Mail dataset (non-anonymized) for summarization}},
	url = "\url{https://github.com/abisee/cnn-dailymail}",
	year = {2021},
	note = "[Online; Último acceso: 11/09/2021]"
}

@online{lang:python,
    author = {Python Software Foundation},
	language = {english},
	title = {Python},
	url = "\url{https://www.python.org/}",
	year = {2021},
	note = "[Online; Último acceso: 11/09/2021]"
}

@online{tech:python_software_fundation,
    author = {Python Software Foundation},
	language = {english},
	title = {Python Software Foundation},
	url = "\url{https://www.python.org/psf/}",
	year = {2021},
	note = "[Online; Último acceso: 11/09/2021]"
}

@misc{tech:react,
	author = {{Facebook Inc.}},
	title = {{React – Una biblioteca de JavaScript para construir interfaces de usuario}},
	url = "\url{https://es.reactjs.org/}",
	year = {2021},
	note = "[Online; Último acceso: 11/09/2021]"
}

@book{tech:advanced_python,
	author = {given-i=D., given=Dave, family=Kuhlman},
	date = {2021},
	language = {spanish},
	publisher = "\url{http://www.davekuhlman.org/}",
	title = {A Python Book: Beginning Python, Advanced Python, and Python Exercises (English Edition)},
	year = {2021}
}

@online{wiki:garbage_collection,
	author = {{Wikipedia}},
	date = {2021-06-29},
	language = {english},
	title = {Garbage collection (computer science)},
	url = "\url{https://en.wikipedia.org/wiki/Garbage_collection_(computer_science)}",
	year = {2021},
	note = "[Online; Último acceso: 11/09/2021]"
}

@online{wiki:procedural_programming,
	author = {{Wikipedia}},
	date = {2021-06-24},
	language = {english},
	title = {Procedural programming},
	url = "\url{https://en.wikipedia.org/wiki/Procedural_programming}",
	year = {2021},
	note = "[Online; Último acceso: 11/09/2021]"
}

@online{wiki:functional_programming,
	author = {{Wikipedia}},
	date = {2021-08-18},
	language = {english},
	title = {Functional programming},
	url = "\url{https://en.wikipedia.org/wiki/Functional_programming}",
	year = {2021},
	note = "[Online; Último acceso: 11/09/2021]"
}

@online{tech:python_license,
	language = {spanish},
	title = {History and License — Python 3.9.7 documentation},
	url = "\url{https://docs.python.org/3/license.html}",
	year = {2021},
	note = "[Online; Último acceso: 11/09/2021]"
}

@online{lang:javascript,
	author = {{Mozilla Fundation}},
	date = {2021-09-10},
	language = {american},
	title = {JavaScript | MDN},
	url = "\url{https://developer.mozilla.org/es/docs/Web/JavaScript}",
	note = "[Online; Último acceso: 11/09/2021]"
}

@book{tech:ecmascript,
	author = {{Ecma International}},
	date = {2011},
	edition = {5.1},
	language = {spanish},
	publisher = { Ecma International},
	title = {Standart: ECMAScript Language Specification},
	url = "\url{https://web.archive.org/web/20150412040502/http:/www.ecma-international.org/publications/files/ECMA-ST/ECMA-262.pdf}",
	year = {2011},
	note = "[Online; Último acceso: 11/09/2021]"
}

@online{tech:dom,
	author = {{Wikipedia}},
	date = {2021-08-15},
	language = {spanish},
	title = {Document Object Model},
	url = "\url{https://es.wikipedia.org/wiki/Document_Object_Model}",
	note = "[Online; Último acceso: 11/09/2021]"
}

@online{tech:first_class_func,
	author = {{Mozilla Fundation}},
	date = {2021-09-09},
	language = {american},
	title = {Funcion de primera clase - Glosario | MDN},
	url = "\url{https://developer.mozilla.org/es/docs/Glossary/First-class_Function}",
	note = "[Online; Último acceso: 11/09/2021]"
}

@misc{tech:docker,
	author = {{Docker, Inc}},
	title = {{Empowering App Development for Developers}},
	url = "\url{https://www.docker.com/}",
	year = {2021},
	note = "[Online; Último acceso: 11/09/2021]"
}

@online{tech:mvc,
	author = {{Mozilla Fundation}},
	date = {2021-09-10},
	language = {american},
	title = {MVC - Glosario | MDN},
	url = "\url{https://developer.mozilla.org/es/docs/Glossary/MVC}",
	note = "[Online; Último acceso: 11/09/2021]"
}

@online{tech:react_dom,
    author = {{ReactJS}},
	language = {english},
	title = {Refs and the DOM},
	url = "\url{https://reactjs.org/docs/refs-and-the-dom.html}",
	year = {2021},
	note = "[Online; Último acceso: 11/09/2021]"
}

@misc{lang:css,
	author = {{Mozilla Foundation}},
	month = {09},
	title = {{CSS | MDN}},
	url = "\url{https://developer.mozilla.org/es/docs/Web/CSS}",
	year = {2021},
	note = "[Online; Último acceso: 11/09/2021]"
}

@misc{wiki:bash,
	author = {{Wikipedia}},
	month = {06},
	title = {{Bash}},
	url = "\url{https://es.wikipedia.org/wiki/Bash}",
	year = {2021},
	note = "[Online; Último acceso: 11/09/2021]"
}

@online{dependencies:pygithub,
    author = {{PyGithub}},
	language = {english},
	title = {Introduction — PyGithub 1.55 documentation},
	url = "\url{https://pygithub.readthedocs.io/en/latest/introduction.html}",
	year = {2021},
	note = "[Online; Último acceso: 11/09/2021]"
}

@online{dependencies:sqlalchemy,
    author = {{SqlAlchemy}},
	language = {english},
	title = {SQLAlchemy - The Database Toolkit for Python},
	url = "\url{https://www.sqlalchemy.org/}",
	year = {2021},
	note = "[Online; Último acceso: 11/09/2021]"
}

@misc{dependencies:flask,
    author = {{Flask}},
	language = {english},
	title = {{Welcome to Flask — Flask Documentation (2.0.x)}},
	url = "\url{https://flask.palletsprojects.com/en/2.0.x/}",
	year = {2021},
	note = "[Online; Último acceso: 11/09/2021]"
}

@misc{dependencies:flask_cors,
    author = {{Flask CORS}},
	title = {{Flask-CORS — Flask-Cors 3.0.10 documentation}},
	url = "\url{https://flask-cors.readthedocs.io/en/latest/}",
	year = {2021},
	note = "[Online; Último acceso: 11/09/2021]"
}

@misc{dependencies:pytorch,
	author = {{PyTorch}},
	title = {{PyTorch}},
	url = "\url{https://pytorch.org/}",
	year = {2021},
	note = "[Online; Último acceso: 11/09/2021]"
}

@online{tech:transformers,
	author = {{Huggingface}},
	date = {2004-01},
	language = {english},
	title = {transformers/LICENSE at master · huggingface/transformers},
	url = "\url{https://github.com/huggingface/transformers/}",
	note = "[Online; Último acceso: 11/09/2021]"
}

@misc{dependencies:numpy,
	author = {{NumPy}},
	title = {{NumPy}},
	url = "\url{https://numpy.org/}",
	year = {2021},
	note = "[Online; Último acceso: 11/09/2021]"
}

@misc{dependencies:wouter,
	author = {Molefrog},
	title = {{GitHub - molefrog/wouter: A minimalist-friendly ~1.5KB routing for React and Preact. Nothing else but HOOKS.}},
	url = "\url{https://github.com/molefrog/wouter}",
	year = {2021},
	note = "[Online; Último acceso: 11/09/2021]"
}

@misc{tech:vscode,
	author = {{Microsoft}},
	month = {04},
	title = {{Visual Studio Code - Code Editing. Redefined}},
	url = "\url{https://code.visualstudio.com/}",
	year = {2016},
}

@misc{tech:codebeat,
	author = {{Codebeat}},
	title = {{Codebeat: Automated code review for mobile and web}},
	url = "\url{https://codebeat.co/}",
	year = {2021},
}

@misc{tech:overleaf,
	author = {{Overleaf}},
	title = {{Overleaf, Editor de LaTeX online}},
	url = "\url{https://es.overleaf.com/}",
	year = {2021},
}

@misc{dependencies:react_google_charts,
	author = {{React Google Charts}},
	title = {{React Google Charts}},
	url = "\url{https://react-google-charts.com/}",
	year = {2021},
	note = "[Online; Último acceso: 11/09/2021]"
}

@Article{related_works:label_prediction,
    author={Alonso-Abad, Jes{\'u}s M.
    and L{\'o}pez-Nozal, Carlos
    and Maudes-Raedo, Jes{\'u}s M.
    and Marticorena-S{\'a}nchez, Ra{\'u}l},
    title={Label prediction on issue tracking systems using text mining},
    journal={Progress in Artificial Intelligence},
    year={2019},
    month={9},
    day={01},
    volume={8},
    number={3},
    pages={325-342},
    issn={2192-6360},
    doi={10.1007/s13748-019-00182-2},
    url={https://doi.org/10.1007/s13748-019-00182-2}
}

@online{related_works:jizt,
	author = {given-i=D., given=Dmlls},
	language = {english},
	title = {GitHub - dmlls/jizt-tfg: Servicio de Resumen de Textos con AI en la Nube (versión TFG).},
	url = "\url{https://github.com/dmlls/jizt-tfg}",
	year = {2021},
	note = "[Online; Último acceso: 11/09/2021]"
}

@online{related_works:tfg_text_mining_gitlab,
	author = {given-i=W., given=Wgm1001},
	language = {english},
	title = {GitHub - wgm1001/Trabajo-de-Fin-de-Grado-Plataforma-de-text-mining-sobre-repositorios: Se plantea desarrollar una plataforma de extracción de datos de repositorios de código abierto alojados en GitLab y de experimentación de text mining sobre los mismos.},
	url = "\url{https://github.com/wgm1001/Trabajo-de-Fin-de-Grado-Plataforma-de-text-mining-sobre-repositorios}",
	year = {2021},
	note = "[Online; Último acceso: 11/09/2021]"
}

@misc{lf:github_api_limits,
	author = {{GitHub}},
	title = {{Límites de tasa para las GitHub Apps}},
	url = "\url{https://docs.github.com/es/developers/apps/building-github-apps/rate-limits-for-github-apps}",
	year = {2021},
	note = "[Online; Último acceso: 11/09/2021]"
}